@article{estrada2010quantifying,
	title={Quantifying network heterogeneity},
	author={Estrada, Ernesto},
	journal={Physical Review E},
	volume={82},
	number={6},
	pages={066102},
	year={2010},
	publisher={APS}
}

@article{newman2003structure,
	title={The structure and function of complex networks},
	author={Newman, Mark EJ},
	journal={SIAM review},
	volume={45},
	number={2},
	pages={167--256},
	year={2003},
	publisher={SIAM}
}


@article{erdos1960evolution,
	title={On the evolution of random graphs},
	author={Erdos, Paul and R{\'e}nyi, Alfr{\'e}d},
	journal={Publ. Math. Inst. Hung. Acad. Sci},
	volume={5},
	number={1},
	pages={17--60},
	year={1960}
}


@article{kondor2004diffusion,
	title={Diffusion kernels},
	author={Kondor, Risi and Vert, Jean-Philippe},
	journal={kernel methods in computational biology},
	pages={171--192},
	year={2004},
	publisher={The MIT Press}
}

@article{albert2002statistical,
	title={Statistical mechanics of complex networks},
	author={Albert, R{\'e}ka and Barab{\'a}si, Albert-L{\'a}szl{\'o}},
	journal={Reviews of modern physics},
	volume={74},
	number={1},
	pages={47},
	year={2002},
	publisher={APS}
}

@article{lafferty2005diffusion,
	title={Diffusion kernels on statistical manifolds},
	author={Lafferty, John and Lebanon, Guy},
	journal={Journal of Machine Learning Research},
	volume={6},
	number={Jan},
	pages={129--163},
	year={2005}
}

@inproceedings{ma2008mining,
	title={Mining social networks using heat diffusion processes for marketing candidates selection},
	author={Ma, Hao and Yang, Haixuan and Lyu, Michael R and King, Irwin},
	booktitle={Proceedings of the 17th ACM conference on Information and knowledge management},
	pages={233--242},
	year={2008},
	organization={ACM}
}

@article{lopez2008diffusion,
	title={Diffusion in complex social networks},
	author={L{\'o}pez-Pintado, Dunia},
	journal={Games and Economic Behavior},
	volume={62},
	number={2},
	pages={573--590},
	year={2008},
	publisher={Elsevier}
}

@article{kasprzak2012diffusion,
	title={Diffusion in networks},
	author={Kasprzak, R},
	journal={Journal of Telecommunications and Information Technology},
	pages={99--106},
	year={2012}
}




@article{qi2012laplacian,
  title={Laplacian centrality: A new centrality measure for weighted networks},
  author={Qi, Xingqin and Fuller, Eddie and Wu, Qin and Wu, Yezhou and Zhang, Cun-Quan},
  journal={Information Sciences},
  volume={194},
  pages={240--253},
  year={2012},
  publisher={Elsevier}
}

@article{opsahl2009clustering,
  title={Clustering in weighted networks},
  author={Opsahl, Tore and Panzarasa, Pietro},
  journal={Social networks},
  volume={31},
  number={2},
  pages={155--163},
  year={2009},
  publisher={Elsevier}
}

@article{gower1980modified,
  title={A modified Leverrier-Faddeev algorithm for matrices with multiple eigenvalues},
  author={Gower, JC},
  journal={Linear Algebra and its Applications},
  volume={31},
  pages={61--70},
  year={1980},
  publisher={Elsevier}
}

@article{wang2003complex,
  title={Complex networks: small-world, scale-free and beyond},
  author={Wang, Xiao Fan and Chen, Guanrong},
  journal={Circuits and Systems Magazine, IEEE},
  volume={3},
  number={1},
  pages={6--20},
  year={2003},
  publisher={IEEE}
}

@book{estrada2011structure,
  title={The structure of complex networks: theory and applications},
  author={Estrada, Ernesto},
  year={2011},
  publisher={OUP Oxford}
}

@book{estrada2015first,
  title={A first course in network theory},
  author={Estrada, Ernesto and Knight, Philip and others},
  year={2015},
  publisher={Oxford University Press, USA}
}

@article{watts1998collective,
  title={Collective dynamics of ‘small-world’networks},
  author={Watts, Duncan J and Strogatz, Steven H},
  journal={nature},
  volume={393},
  number={6684},
  pages={440--442},
  year={1998},
  publisher={Nature Publishing Group}
}

@book{newman2010networks,
  title={Networks: an introduction},
  author={Newman, Mark},
  year={2010},
  publisher={OUP Oxford}
}



@book{wilson1970introduction,
  title={An introduction to graph theory},
  author={Wilson, Robin J},
  year={1970},
  publisher={Pearson Education India}
}

@article{estrada2005subgraph,
  title={Subgraph centrality in complex networks},
  author={Estrada, Ernesto and Rodriguez-Velazquez, Juan A},
  journal={Physical Review E},
  volume={71},
  number={5},
  pages={056103},
  year={2005},
  publisher={APS}
}

@article{opsahl2010node,
  title={Node centrality in weighted networks: Generalizing degree and shortest paths},
  author={Opsahl, Tore and Agneessens, Filip and Skvoretz, John},
  journal={Social Networks},
  volume={32},
  number={3},
  pages={245--251},
  year={2010},
  publisher={Elsevier}
}

@book{gutman2012mathematical,
  title={Mathematical concepts in organic chemistry},
  author={Gutman, Ivan and Polansky, Oskar E},
  year={2012},
  publisher={Springer Science \& Business Media}
}
@article{barabasi1999emergence,
	title={Emergence of scaling in random networks},
	author={Barab{\'a}si, Albert-L{\'a}szl{\'o} and Albert, R{\'e}ka},
	journal={science},
	volume={286},
	number={5439},
	pages={509--512},
	year={1999},
	publisher={American Association for the Advancement of Science}
}


@article{newman2001scientific,
  title={Scientific collaboration networks. II. Shortest paths, weighted networks, and centrality},
  author={Newman, Mark EJ},
  journal={Physical review E},
  volume={64},
  number={1},
  pages={016132},
  year={2001},
  publisher={APS}
}

@article{barrat2004architecture,
  title={The architecture of complex weighted networks},
  author={Barrat, Alain and Barthelemy, Marc and Pastor-Satorras, Romualdo and Vespignani, Alessandro},
  journal={Proceedings of the National Academy of Sciences of the United States of America},
  volume={101},
  number={11},
  pages={3747--3752},
  year={2004},
  publisher={National Acad Sciences}
}
@phdthesis{opsahl2009structure,
  title={Structure and evolution of weighted networks},
  author={Opsahl, Tore},
  year={2009},
  school={Queen Mary, University of London}
}

@article{qi2013terrorist,
  title={Terrorist networks, network energy and node removal: a new measure of centrality based on Laplacian energy},
  author={Qi, Xingqin and Duval, Robert D and Christensen, Kyle and Fuller, Edgar and Spahiu, Arian and Wu, Qin and Wu, Yezhou and Tang, Wenliang and Zhang, Cunquan and others},
  journal={Social Networking},
  volume={2},
  number={01},
  pages={19},
  year={2013},
  publisher={Scientific Research Publishing}
}

@incollection{estrada2015introduction,
  title={Introduction to complex networks: structure and dynamics},
  author={Estrada, Ernesto},
  booktitle={Evolutionary Equations with Applications in Natural Sciences},
  pages={93--131},
  year={2015},
  publisher={Springer}
}

@book{molitierno2012applications,
  title={Applications of combinatorial matrix theory to Laplacian matrices of graphs},
  author={Molitierno, Jason J},
  year={2012},
  publisher={CRC Press}
}

@phdthesis{frankthesis,
	author= {Franck Kalala Mutombo},
	title= {Long-range interactions in complex networks},
	school= {University of Strathclyde},
	year	= {2012},
}

@article{euler1953leonhard,
  title={Leonhard Euler and the K{\"o}nigsberg bridges},
  author={Euler, Leonhard},
  journal={Scientific American},
  volume={189},
  number={1},
  pages={66--70},
  year={1953}
}

@article{gribkovskaia2007bridges,
  title={The bridges of K{\"o}nigsberg—a historical perspective},
  author={Gribkovskaia, Irina and Halskau, {\O}yvind and Laporte, Gilbert},
  journal={Networks},
  volume={49},
  number={3},
  pages={199--203},
  year={2007},
  publisher={Wiley Online Library}
}

@book{harris2008combinatorics,
  title={Combinatorics and graph theory},
  author={Harris, John Michael and Hirst, Jeffry L and Mossinghoff, Michael J},
  volume={2},
  year={2008},
  publisher={Springer}
}

@article{das2004laplacian,
  title={The Laplacian spectrum of a graph},
  author={Das, K Ch},
  journal={Computers \& Mathematics with Applications},
  volume={48},
  number={5},
  pages={715--724},
  year={2004},
  publisher={Elsevier}
}

@article{estrada2012path,
  title={Path Laplacian matrices: introduction and application to the analysis of consensus in networks},
  author={Estrada, Ernesto},
  journal={Linear Algebra and its Applications},
  volume={436},
  number={9},
  pages={3373--3391},
  year={2012},
  publisher={Elsevier}
}

@article{estrada2011epidemic,
  title={Epidemic spreading in networks with nonrandom long-range interactions},
  author={Estrada, Ernesto and Kalala-Mutombo, Franck and Valverde-Colmeiro, Alba},
  journal={Physical Review E},
  volume={84},
  number={3},
  pages={036110},
  year={2011},
  publisher={APS}
}

@article{milgram1967small,
  title={The small world problem},
  author={Milgram, Stanley},
  journal={Psychology today},
  volume={2},
  number={1},
  pages={60--67},
  year={1967},
  publisher={New York}
}

@book{edwards2004differential,
  title={Differential equations and boundary value problems},
  author={Edwards, Charles Henry and David E.. Penney},
  volume={2},
  year={2004},
  publisher={Prentice Hall}
}

@online{zacharydataset,
  author = {Nexus},
  title = {Zachary's karate club [karate]},
  year = 2012,
  url = {http://nexus.igraph.org/api/dataset_info?id=1&format=html},
  urldate = {2016-04-25},
  note = {[Online; accessed 2016-04-25]}
}

@online{googleimages,
  author = {Internet},
  title = {Network},
  url = {https://www.google.com/search?q=internet+network&client=ubuntu&hs=xZp&channel=fs&gl=za&source=lnms&tbm=isch&sa=X&ved=0ahUKEwiZsrLOueTMAhVMCcAKHS_8AysQ_AUIBygB&biw=1215&bih=900#channel=fs&gl=za&tbm=isch&q=computer+network&imgrc=_},
  urldate = {2016-03-29},
  note = {[Online; accessed 2016-03-29]}
}

@article{belkin2003laplacian,
	title={Laplacian eigenmaps for dimensionality reduction and data representation},
	author={Belkin, Mikhail and Niyogi, Partha},
	journal={Neural computation},
	volume={15},
	number={6},
	pages={1373--1396},
	year={2003},
	publisher={MIT Press}
}

@article{thanou2017learning,
	title={Learning heat diffusion graphs},
	author={Thanou, Dorina and Dong, Xiaowen and Kressner, Daniel and Frossard, Pascal},
	journal={IEEE Transactions on Signal and Information Processing over Networks},
	volume={3},
	number={3},
	pages={484--499},
	year={2017},
	publisher={IEEE}
}

@article{belkin2003laplacian,
	title={Laplacian eigenmaps for dimensionality reduction and data representation},
	author={Belkin, Mikhail and Niyogi, Partha},
	journal={Neural computation},
	volume={15},
	number={6},
	pages={1373--1396},
	year={2003},
	publisher={MIT Press}
}

@inproceedings{saber2003agreement,
	title={Agreement problems in networks with directed graphs and switching topology},
	author={Saber, R Olfati and Murray, Richard M},
	booktitle={Decision and Control, 2003. Proceedings. 42nd IEEE Conference on},
	volume={4},
	pages={4126--4132},
	year={2003},
	organization={IEEE}
}










 