

@article{newman2003structure,
	title={The structure and function of complex networks},
	author={Newman, Mark EJ},
	journal={SIAM review},
	volume={45},
	number={2},
	pages={167--256},
	year={2003},
	publisher={SIAM}
}


@article{kondor2004diffusion,
	title={Diffusion kernels},
	author={Kondor, Risi and Vert, Jean-Philippe},
	journal={kernel methods in computational biology},
	pages={171--192},
	year={2004},
	publisher={The MIT Press}
}

@article{albert2002statistical,
	title={Statistical mechanics of complex networks},
	author={Albert, R{\'e}ka and Barab{\'a}si, Albert-L{\'a}szl{\'o}},
	journal={Reviews of modern physics},
	volume={74},
	number={1},
	pages={47},
	year={2002},
	publisher={APS}
}

@article{lafferty2005diffusion,
	title={Diffusion kernels on statistical manifolds},
	author={Lafferty, John and Lebanon, Guy},
	journal={Journal of Machine Learning Research},
	volume={6},
	number={Jan},
	pages={129--163},
	year={2005}
}

@inproceedings{ma2008mining,
	title={Mining social networks using heat diffusion processes for marketing candidates selection},
	author={Ma, Hao and Yang, Haixuan and Lyu, Michael R and King, Irwin},
	booktitle={Proceedings of the 17th ACM conference on Information and knowledge management},
	pages={233--242},
	year={2008},
	organization={ACM}
}

@article{lopez2008diffusion,
	title={Diffusion in complex social networks},
	author={L{\'o}pez-Pintado, Dunia},
	journal={Games and Economic Behavior},
	volume={62},
	number={2},
	pages={573--590},
	year={2008},
	publisher={Elsevier}
}

@article{kasprzak2012diffusion,
	title={Diffusion in networks},
	author={Kasprzak, R},
	journal={Journal of Telecommunications and Information Technology},
	pages={99--106},
	year={2012}
}


@book{estrada2011structure,
  title={The structure of complex networks: theory and applications},
  author={Estrada, Ernesto},
  year={2011},
  publisher={OUP Oxford}
}

@book{estrada2015first,
  title={A first course in network theory},
  author={Estrada, Ernesto and Knight, Philip and others},
  year={2015},
  publisher={Oxford University Press, USA}
}


@book{newman2010networks,
  title={Networks: an introduction},
  author={Newman, Mark},
  year={2010},
  publisher={OUP Oxford}
}



@book{wilson1970introduction,
  title={An introduction to graph theory},
  author={Wilson, Robin J},
  year={1970},
  publisher={Pearson Education India}
}

@incollection{estrada2015introduction,
  title={Introduction to complex networks: structure and dynamics},
  author={Estrada, Ernesto},
  booktitle={Evolutionary Equations with Applications in Natural Sciences},
  pages={93--131},
  year={2015},
  publisher={Springer}
}

@book{molitierno2012applications,
  title={Applications of combinatorial matrix theory to Laplacian matrices of graphs},
  author={Molitierno, Jason J},
  year={2012},
  publisher={CRC Press}
}

@phdthesis{frankthesis,
	author= {Franck Kalala Mutombo},
	title= {Long-range interactions in complex networks},
	school= {University of Strathclyde},
	year	= {2012},
}

@article{das2004laplacian,
  title={The Laplacian spectrum of a graph},
  author={Das, K Ch},
  journal={Computers \& Mathematics with Applications},
  volume={48},
  number={5},
  pages={715--724},
  year={2004},
  publisher={Elsevier}
}

@article{estrada2012path,
  title={Path Laplacian matrices: introduction and application to the analysis of consensus in networks},
  author={Estrada, Ernesto},
  journal={Linear Algebra and its Applications},
  volume={436},
  number={9},
  pages={3373--3391},
  year={2012},
  publisher={Elsevier}
}

@article{estrada2011epidemic,
  title={Epidemic spreading in networks with nonrandom long-range interactions},
  author={Estrada, Ernesto and Kalala-Mutombo, Franck and Valverde-Colmeiro, Alba},
  journal={Physical Review E},
  volume={84},
  number={3},
  pages={036110},
  year={2011},
  publisher={APS}
}

@article{thanou2017learning,
	title={Learning heat diffusion graphs},
	author={Thanou, Dorina and Dong, Xiaowen and Kressner, Daniel and Frossard, Pascal},
	journal={IEEE Transactions on Signal and Information Processing over Networks},
	volume={3},
	number={3},
	pages={484--499},
	year={2017},
	publisher={IEEE}
}


@article{estrada2017path,
	title={Path Laplacian operators and superdiffusive processes on graphs. I. One-dimensional case},
	author={Estrada, Ernesto and Hameed, Ehsan and Hatano, Naomichi and Langer, Matthias},
	journal={Linear Algebra and its Applications},
	volume={523},
	pages={307--334},
	year={2017},
	publisher={Elsevier}
}

@article{newman2004finding,
	title={Finding and evaluating community structure in networks},
	author={Newman, Mark EJ and Girvan, Michelle},
	journal={Physical review E},
	volume={69},
	number={2},
	pages={026113},
	year={2004},
	publisher={APS}
}

@article{xiao2009graph,
	title={Graph characteristics from the heat kernel trace},
	author={Xiao, Bai and Hancock, Edwin R and Wilson, Richard C},
	journal={Pattern Recognition},
	volume={42},
	number={11},
	pages={2589--2606},
	year={2009},
	publisher={Elsevier}
}



@book{barrat2008dynamical,
	title={Dynamical processes on complex networks},
	author={Barrat, Alain and Barthelemy, Marc and Vespignani, Alessandro},
	year={2008},
	publisher={Cambridge university press}
}


@article{estrada2017long,
	title={Long-range Interactions and Network Synchronization},
	author={Estrada, Ernesto and Gambuzza, Lucia Valentina and Frasca, Mattia},
	journal={arXiv preprint arXiv:1704.01349},
	year={2017}
}


@book{edwards2004differential,
	title={Differential equations and boundary value problems},
	author={Edwards, Charles Henry and David E.. Penney},
	volume={2},
	year={2004},
	publisher={Prentice Hall}
}


 