@article{newman2003structure,
	title={The structure and function of complex networks},
	author={Newman, Mark EJ},
	journal={SIAM review},
	volume={45},
	number={2},
	pages={167--256},
	year={2003},
	publisher={SIAM}
}

@book{estrada2011structure,
	title={The structure of complex networks: theory and applications},
	author={Estrada, Ernesto},
	year={2011},
	publisher={OUP Oxford}
}

@article{grady2006random,
	title={Random walks for image segmentation},
	author={Grady, Leo},
	journal={IEEE transactions on pattern analysis and machine intelligence},
	volume={28},
	number={11},
	pages={1768--1783},
	year={2006},
	publisher={IEEE}
}

@article{chung2007heat,
	title={The heat kernel as the pagerank of a graph},
	author={Chung, Fan},
	journal={Proceedings of the National Academy of Sciences},
	volume={104},
	number={50},
	pages={19735--19740},
	year={2007},
	publisher={National Acad Sciences}
}

@techreport{page1999pagerank,
	title={The PageRank citation ranking: Bringing order to the web.},
	author={Page, Lawrence and Brin, Sergey and Motwani, Rajeev and Winograd, Terry},
	year={1999},
	institution={Stanford InfoLab}
}

@inproceedings{pons2005computing,
	title={Computing communities in large networks using random walks},
	author={Pons, Pascal and Latapy, Matthieu},
	booktitle={International symposium on computer and information sciences},
	pages={284--293},
	year={2005},
	organization={Springer}
}