
@article{qi2012laplacian,
  title={Laplacian centrality: A new centrality measure for weighted networks},
  author={Qi, Xingqin and Fuller, Eddie and Wu, Qin and Wu, Yezhou and Zhang, Cun-Quan},
  journal={Information Sciences},
  volume={194},
  pages={240--253},
  year={2012},
  publisher={Elsevier}
}

@book{estrada2011structure,
  title={The structure of complex networks: theory and applications},
  author={Estrada, Ernesto},
  year={2011},
  publisher={OUP Oxford}
}


@book{newman2010networks,
  title={Networks: an introduction},
  author={Newman, Mark},
  year={2010},
  publisher={OUP Oxford}
}


@article{estrada2011epidemic,
  title={Epidemic spreading in networks with nonrandom long-range interactions},
  author={Estrada, Ernesto and Kalala-Mutombo, Franck and Valverde-Colmeiro, Alba},
  journal={Physical Review E},
  volume={84},
  number={3},
  pages={036110},
  year={2011},
  publisher={APS}
}

@online{zacharydataset,
  author = {Nexus},
  title = {Zachary's karate club [karate]},
  year = 2012,
  url = {http://nexus.igraph.org/api/dataset_info?id=1&format=html},
  urldate = {2016-04-25},
  note = {[Online; accessed 2016-04-25]}
}

@online{googleimages,
  author = {Internet},
  title = {Network},
  url = {https://www.google.com/search?q=internet+network&client=ubuntu&hs=xZp&channel=fs&gl=za&source=lnms&tbm=isch&sa=X&ved=0ahUKEwiZsrLOueTMAhVMCcAKHS_8AysQ_AUIBygB&biw=1215&bih=900#channel=fs&gl=za&tbm=isch&q=computer+network&imgrc=_},
  urldate = {2016-03-29},
  note = {[Online; accessed 2016-03-29]}
}


@book{estrada2015first,
	title={A first course in network theory},
	author={Estrada, Ernesto and Knight, Philip and others},
	year={2015},
	publisher={Oxford University Press, USA}
}

@article{das2004laplacian,
	title={The Laplacian spectrum of a graph},
	author={Das, K Ch},
	journal={Computers \& Mathematics with Applications},
	volume={48},
	number={5},
	pages={715--724},
	year={2004},
	publisher={Elsevier}
}






 